@book{adams1995hitchhiker,
  title={The Hitchhiker's Guide to the Galaxy},
  author={Adams, D.},
  isbn={9781417642595},
  url={http://books.google.com/books?id=W-xMPgAACAAJ},
  year={1995},
  publisher={San Val}
}

@book{mapreduce,
  title={Data-Intensive Text Processing with MapReduce},
  author={Jimmy Lin and Chris Dyer},
  url={https://lintool.github.io/MapReduceAlgorithms/MapReduce-book-final.pdf},
  year={2010}
}

@book{mining,
  author={Jure Leskovec,Anand Rajaraman and Jeffrey D. Ullman},
  title={Mining of Massive Datasets},
  url={http://infolab.stanford.edu/~ullman/mmds/book.pdf},
  year={2014}
}


@book{encore,
  title={The Encore Programming Language},
  author={Language Research Group, Uppsala University},
  url={https://stw.gitbooks.io/the-encore-programming-language/},
  year={2017}
}

@book{upscale,
  title={Upscale  homepage},
  url={https://upscale.project.cwi.nl/},
  year={2017}
}


@book{lucas,
  title={Siphash and link-list Code},
  url={https://github.com/Chilinot/encorestdlib},
  year={2017}
}

@book{string_hashing,
  title={String hashing algorithm},
  author={Original implemented by dan bernstein},
  url={http://www.cse.yorku.ca/~oz/hash.html},
  year={2017}
}

@misc{website:haskell,
      title = "Haskell Programming Language",
      month = "May",
      year = "2017",
      url = "https://www.haskell.org/"
}



@book{researchgroup,
  title={Language Research Group homepage},
  url={http://www.it.uu.se/research/group/languages},
  year={2017}
}

@book{distarrays,
  title={Julia distributed Arrays},
  url={https://github.com/JuliaParallel/DistributedArrays.jl},
  year={2017}
}

@book{julia,
  title={Julia orgranisations page },
  url={https://julialang.org/},
  year={2017}
}

@book{pstreams,
  title={Java's Parallel-Streams},
  url={https://docs.oracle.com/javase/tutorial/collections/streams/parallelism.html},
  year={2017}
}


@book{apgit,
  title={Apache Hadoop MapRecuce},
  url={https://github.com/apache/hadoop/tree/trunk/hadoop-mapreduce-project},
  year={2017}
}

@book{flamegraph,
  title={Flame Graphs Performance tool},
  author={Brandan Gregg},
  url={http://www.brendangregg.com/FlameGraphs/cpuflamegraphs.html#FlameGraph},
  year={2017}
}
@book{background,
  title={See Background section at page 5},
}

@book{Hotobjects,
  title={Actors and Hot Objects},
  author={Tobias Wrigstad and Thorbiorn Fritzon},
  url={http://www.it.uu.se/workshop/nool16/nool16-paper8.pdf},
  year={2016}
}

@book{lolcat,
  title={LOLCAT: Relaxed Linear References
for Lock-free Programming},
  author={Elias Castegren and Tobias Wrigstad},
  url={http://uu.diva-portal.org/smash/record.jsf?pid=diva2%3A1052919&dswid=5918},
  year={2016}
}

@book{kappa,
  title={Reference Capabilities for Concurrency Control},
  author={Elias Castegren and Tobias Wrigstad},
  url={http://uu.diva-portal.org/smash/record.jsf?pid=diva2%3A922959&dswid=5918},
  year={2016}
}

@book{encore_paper,
  title={Parallel Objects for Multicores:
A Glimpse at the Parallel Language Encore},
  author={Stephan Brandauer, Elias Castegren, Dave Clarke, Kiko Fernandez-Reyes, Einar Broch Johnsen, Ka I Pun, S. Lizeth Tapia Tarifa, Tobias Wrigstad and Albert Mingkun Yang},
  url={},
  year={2016}
}

@book{siphash,
  title={SipHash: a fast short-input PRF},
  author={Jean-Philippe Aumasson
and Daniel J. Bernstein},
  url={https://131002.net/siphash/siphash.pdf},
  year={2017}
}

@book{powerwall,
  title={The free lunch is over: A fundamental turn toward concurrency in software},
  author={Herb Sutter},
  url={http://www.gotw.ca/publications/concurrency-ddj.htm},
  year={2005}
}

@book{paralell-computing,
  title={Introduction to Parallel Computing},
  author={Blaise Barney},
  url={https://computing.llnl.gov/tutorials/parallel_comp/},
  year={2016}
}

@book{DHT,
  title={A Survey on Distributed Hash Table (DHT): Theory,
Platforms, and Applications},
  author={Hao Zhang, Yonggang Wen, Haiyong Xie, and Nenghai Yu},
  url={https://pdfs.semanticscholar.org/8859/3bf30b9de1497ba22b1136ebc433f648bbc8.pdf},
  year={2013}
}






