@book{adams1995hitchhiker,
  title={The Hitchhiker's Guide to the Galaxy},
  author={Adams, D.},
  isbn={9781417642595},
  url={http://books.google.com/books?id=W-xMPgAACAAJ},
  year={1995},
  publisher={San Val}
}

@book{mapreduce,
  title={Data-Intensive Text Processing with MapReduce},
  author={Jimmy Lin and Chris Dyer},
  url={https://lintool.github.io/MapReduceAlgorithms/MapReduce-book-final.pdf},
  year={2010}
}

@book{mining,
  author={Jure Leskovec,Anand Rajaraman and Jeffrey D. Ullman},
  title={Mining of Massive Datasets},
  url={http://infolab.stanford.edu/~ullman/mmds/book.pdf},
  year={2014}
}


@book{encore,
  title={The Encore Programming Language},
  author={Language Research Group, Uppsala University},
  url={https://stw.gitbooks.io/the-encore-programming-language/},
  year={2017}
}

@book{upscale,
  title={Upscale  homepage},
  url={https://upscale.project.cwi.nl/},
  year={2017}
}

@book{researchgroup,
  title={Language Research Group homepage},
  url={http://www.it.uu.se/research/group/languages},
  year={2017}
}

@book{distarrays,
  title={Julia distributed Arrays},
  url={https://github.com/JuliaParallel/DistributedArrays.jl},
  year={2017}
}

@book{julia,
  title={Julia orgranisations page },
  url={https://julialang.org/},
  year={2017}
}

@book{pstreams,
  title={Java's Parallel-Streams},
  url={https://docs.oracle.com/javase/tutorial/collections/streams/parallelism.html},
  year={2017}
}


@book{apgit,
  title={Apache Hadoop MapRecuce},
  url={https://github.com/apache/hadoop/tree/trunk/hadoop-mapreduce-project},
  year={2017}
}

@book{background,
  title={See Background section at page 5},
}